@webpage{jquery,
	Lastchecked = {13.01.2019},
	Url = {https://jquery.com},
	Bdsk-Url-1 = {https://jquery.com}}
	
@webpage{bootstrap,
	Lastchecked = {13.01.2019},
	Url = {https://getbootstrap.com},
	Bdsk-Url-1 = {https://getbootstrap.com}}
	
@webpage{less,
	Lastchecked = {13.01.2019},
	Url = {http://lesscss.org},
	Bdsk-Url-1 = {http://lesscss.org}}
	