%% This BibTeX bibliography file was created using BibDesk.
%% http://bibdesk.sourceforge.net/

%% Created for Jakub MÃ¼ller at 2018-09-24 11:34:54 +0200 


%% Saved with string encoding Unicode (UTF-8) 



@webpage{eslintarc,
	Date-Added = {2018-09-19 11:17:29 +0000},
	Date-Modified = {2018-09-19 11:17:46 +0000},
	Lastchecked = {08.07.2018},
	Url = {https://www.google.com/url?sa=i&rct=j&q=&esrc=s&source=images&cd=&cad=rja&uact=8&ved=2ahUKEwiX2u_g-MbdAhUmsaQKHfGPCTMQjRx6BAgBEAU&url=https%3A%2F%2Fwww.youtube.com%2Fwatch%3Fv%3DdEaUikT1-R0&psig=AOvVaw08qPFXAdYB61PkEkYkTXt-&ust=1537442227995316},
	Bdsk-Url-1 = {https://www.google.com/url?sa=i&rct=j&q=&esrc=s&source=images&cd=&cad=rja&uact=8&ved=2ahUKEwiX2u_g-MbdAhUmsaQKHfGPCTMQjRx6BAgBEAU&url=https%3A%2F%2Fwww.youtube.com%2Fwatch%3Fv%3DdEaUikT1-R0&psig=AOvVaw08qPFXAdYB61PkEkYkTXt-&ust=1537442227995316}}

@webpage{axiosnpm,
	Date-Added = {2018-09-16 17:05:57 +0000},
	Date-Modified = {2018-09-16 17:06:12 +0000},
	Lastchecked = {19.08.2018},
	Url = {https://www.npmjs.com/package/axios},
	Bdsk-Url-1 = {https://www.npmjs.com/package/axios}}

@webpage{bcrypt,
	Date-Added = {2018-09-14 15:58:11 +0000},
	Date-Modified = {2018-09-14 15:58:30 +0000},
	Lastchecked = {15.09.2018},
	Url = {https://medium.com/@vuongtran/using-node-js-bcrypt-module-to-hash-password-5343a2aa2342},
	Bdsk-Url-1 = {https://medium.com/@vuongtran/using-node-js-bcrypt-module-to-hash-password-5343a2aa2342}}

@webpage{mongoosemiddleware,
	Date-Added = {2018-09-14 13:51:54 +0000},
	Date-Modified = {2018-09-14 13:52:15 +0000},
	Lastchecked = {14.9.2018},
	Url = {http://mongoosejs.com/docs/middleware.html},
	Bdsk-Url-1 = {http://mongoosejs.com/docs/middleware.html}}

@webpage{mongoosemodelstackoverflow,
	Date-Added = {2018-09-14 13:25:28 +0000},
	Date-Modified = {2018-09-14 13:25:52 +0000},
	Lastchecked = {14.09.2018},
	Url = {https://stackoverflow.com/questions/9127174/why-does-mongoose-have-both-schemas-and-models},
	Bdsk-Url-1 = {https://stackoverflow.com/questions/9127174/why-does-mongoose-have-both-schemas-and-models}}

@webpage{mongooseintro,
	Date-Added = {2018-09-14 07:32:34 +0000},
	Date-Modified = {2018-09-14 07:32:52 +0000},
	Lastchecked = {14.09.2018},
	Url = {https://mongoosejs.com},
	Bdsk-Url-1 = {https://mongoosejs.com}}

@webpage{nosqladvantages,
	Date-Added = {2018-09-11 21:59:36 +0000},
	Date-Modified = {2018-09-11 22:00:09 +0000},
	Lastchecked = {10.09.18},
	Url = {https://www.hadoop360.datasciencecentral.com/blog/advantages-and-disadvantages-of-nosql-databases-what-you-should-k},
	Bdsk-Url-1 = {https://www.hadoop360.datasciencecentral.com/blog/advantages-and-disadvantages-of-nosql-databases-what-you-should-k}}

@webpage{mochjs.org,
	Date-Added = {2018-09-10 09:40:28 +0000},
	Date-Modified = {2018-09-10 09:40:45 +0000},
	Lastchecked = {01.09.2018},
	Url = {https://mochajs.org},
	Bdsk-Url-1 = {https://mochajs.org}}

@webpage{sshkeys,
	Date-Added = {2018-09-08 10:18:03 +0000},
	Date-Modified = {2018-09-08 10:18:18 +0000},
	Lastchecked = {20.08.2018},
	Url = {https://wiki.archlinux.org/index.php/SSH_keys},
	Bdsk-Url-1 = {https://wiki.archlinux.org/index.php/SSH_keys}}

@webpage{expresswikipedia,
	Date-Added = {2018-09-05 17:30:55 +0000},
	Date-Modified = {2018-09-05 17:31:11 +0000},
	Lastchecked = {19.08.2018},
	Url = {https://de.wikipedia.org/wiki/Express.js},
	Bdsk-Url-1 = {https://de.wikipedia.org/wiki/Express.js}}

@webpage{httpstatuscodes,
	Date-Added = {2018-09-05 15:54:45 +0000},
	Date-Modified = {2018-09-05 15:55:02 +0000},
	Lastchecked = {18.08.2018},
	Url = {https://csharpcorner-mindcrackerinc.netdna-ssl.com/article/create-api-with-asp-net-core-day-three-working-with-http-status-codes-in-asp/Images/image002.jpg},
	Bdsk-Url-1 = {https://csharpcorner-mindcrackerinc.netdna-ssl.com/article/create-api-with-asp-net-core-day-three-working-with-http-status-codes-in-asp/Images/image002.jpg}}

@webpage{expressrouting,
	Date-Added = {2018-09-05 13:35:47 +0000},
	Date-Modified = {2018-09-05 13:36:11 +0000},
	Lastchecked = {18.08.2018},
	Url = {https://expressjs.com/en/guide/routing.html},
	Bdsk-Url-1 = {https://expressjs.com/en/guide/routing.html}}

@webpage{ES6W3C,
	Date-Added = {2018-08-10 11:17:33 +0000},
	Date-Modified = {2018-08-10 11:18:02 +0000},
	Lastchecked = {06.08.2018},
	Url = {https://www.w3schools.com/js/js_es6.asp},
	Year = {2018},
	Bdsk-Url-1 = {https://www.w3schools.com/js/js_es6.asp}}

@webpage{lodashexamples,
	Date-Added = {2018-08-08 11:22:35 +0000},
	Date-Modified = {2018-08-08 11:22:56 +0000},
	Lastchecked = {06.08.2018},
	Url = {https://medium.com/front-end-hacking/introduction-to-lodash-71dbee093b49},
	Year = {2018},
	Bdsk-Url-1 = {https://medium.com/front-end-hacking/introduction-to-lodash-71dbee093b49}}

@webpage{moduleos,
	Date-Added = {2018-08-06 11:39:43 +0000},
	Date-Modified = {2018-08-06 11:40:06 +0000},
	Lastchecked = {06.08.2018},
	Url = {https://www.w3schools.com/nodejs/ref_os.asp},
	Bdsk-Url-1 = {https://www.w3schools.com/nodejs/ref_os.asp}}

@webpage{moduleexports,
	Date-Added = {2018-08-06 11:11:13 +0000},
	Date-Modified = {2018-08-06 11:11:44 +0000},
	Keywords = {module, exports},
	Lastchecked = {06.08.2018},
	Month = {8},
	Url = {https://www.sitepoint.com/understanding-module-exports-exports-node-js/},
	Year = {2018},
	Bdsk-Url-1 = {https://www.sitepoint.com/understanding-module-exports-exports-node-js/}}

@webpage{packagejson,
	Date-Added = {2018-08-06 10:32:03 +0000},
	Date-Modified = {2018-08-06 10:33:14 +0000},
	Keywords = {package, json},
	Lastchecked = {06.08.2018},
	Month = {8},
	Url = {https://docs.npmjs.com/files/package.json},
	Year = {2018},
	Bdsk-Url-1 = {https://docs.npmjs.com/files/package.json}}

@webpage{es6,
	Date-Added = {2018-07-08 14:11:21 +0000},
	Date-Modified = {2018-07-08 14:12:12 +0000},
	Lastchecked = {08.04.2018},
	Month = {04},
	Url = {https://en.wikipedia.org/wiki/ECMAScript},
	Year = {2018},
	Bdsk-Url-1 = {https://en.wikipedia.org/wiki/ECMAScript}}
